@inproceedings{pomiechowska2024compositionality,
  title={Compositionality in minds, brains and machines: a unifying goal that cuts across cognitive sciences},
  author={Pomiechowska, Barbara and Dudley, Rachel and Wong, Lionel and Sabl{\'e}-Meyer, Mathias},
  booktitle={Proceedings of the Annual Meeting of the Cognitive Science Society},
  volume={46},
  year={2024}
}


% techincial -------

@article{shieber1995principles,
  title={Principles and implementation of deductive parsing},
  author={Shieber, Stuart M and Schabes, Yves and Pereira, Fernando CN},
  journal={The Journal of logic programming},
  volume={24},
  number={1-2},
  pages={3--36},
  year={1995},
  publisher={Elsevier}
}

@inproceedings{angluin1979finding,
  title={Finding patterns common to a set of strings},
  author={Angluin, Dana},
  booktitle={Proceedings of the eleventh annual ACM Symposium on Theory of Computing},
  pages={130--141},
  year={1979}
}

@article{joshi1987introduction,
  title={An introduction to tree adjoining grammars},
  author={Joshi, Aravind K},
  journal={Mathematics of language},
  volume={1},
  pages={87--115},
  year={1987},
  publisher={John Benjamins, Amsterdam}
}
@article{sweller1988cognitive,
  title={Cognitive load during problem solving: Effects on learning},
  author={Sweller, John},
  journal={Cognitive science},
  volume={12},
  number={2},
  pages={257--285},
  year={1988},
  publisher={Elsevier}
}
@article{cowan2001magical,
  title={The magical number 4 in short-term memory: A reconsideration of mental storage capacity},
  author={Cowan, Nelson},
  journal={Behavioral and brain sciences},
  volume={24},
  number={1},
  pages={87--114},
  year={2001},
  publisher={Cambridge University Press}
}
@article{halford1998processing,
  title={Processing capacity defined by relational complexity: Implications for comparative, developmental, and cognitive psychology},
  author={Halford, Graeme S and Wilson, William H and Phillips, Steven},
  journal={Behavioral and brain sciences},
  volume={21},
  number={6},
  pages={803--831},
  year={1998},
  publisher={Cambridge University Press}
}
@incollection{joshi1997tree,
  title={Tree-adjoining grammars},
  author={Joshi, Aravind K and Schabes, Yves},
  booktitle={Handbook of Formal Languages: Volume 3 Beyond Words},
  pages={69--123},
  year={1997},
  publisher={Springer}
}

% -------


% intro
@book{margulis2013repeat,
  title={On repeat: How music plays the mind},
  author={Margulis, Elizabeth Hellmuth},
  year={2013},
  publisher={Oxford University Press}
}

@book{sun2011poetics,
  title={The poetics of repetition in English and Chinese lyric poetry},
  author={Sun, Cecile Chu-chin},
  year={2011},
  publisher={University of Chicago Press}
}

@article{kuperberg2021tea,
  title={Tea with milk? A hierarchical generative framework of sequential event comprehension},
  author={Kuperberg, Gina R},
  journal={Topics in Cognitive Science},
  volume={13},
  number={1},
  pages={256--298},
  year={2021},
  publisher={Wiley Online Library}
}

@article{lerdahl1983overview,
  title={An overview of hierarchical structure in music},
  author={Lerdahl, Fred and Jackendoff, Ray},
  journal={Music Perception},
  volume={1},
  number={2},
  pages={229--252},
  year={1983}
}

@article{fitch2014hierarchical,
  title={Hierarchical processing in music, language, and action: Lashley revisited},
  author={Fitch, W Tecumseh and Martins, Mauricio D},
  journal={Annals of the New York Academy of Sciences},
  volume={1316},
  number={1},
  pages={87--104},
  year={2014},
  publisher={Wiley Online Library}
}


% cogsci

@inproceedings{pomiechowska2024compositionality,
  title={Compositionality in minds, brains and machines: a unifying goal that cuts across cognitive sciences},
  author={Pomiechowska, Barbara and Dudley, Rachel and Wong, Lionel and Sabl{\'e}-Meyer, Mathias},
  booktitle={Proceedings of the Annual Meeting of the Cognitive Science Society},
  volume={46},
  year={2024}
}

@article{ferrigno2020recursive,
  title={Recursive sequence generation in monkeys, children, US adults, and native Amazonians},
  author={Ferrigno, Stephen and Cheyette, Samuel J and Piantadosi, Steven T and Cantlon, Jessica F},
  journal={Science Advances},
  volume={6},
  number={26},
  pages={eaaz1002},
  year={2020},
  publisher={American Association for the Advancement of Science}
}

@article{sun2009theoretical,
  title={Theoretical status of computational cognitive modeling},
  author={Sun, Ron},
  journal={Cognitive Systems Research},
  volume={10},
  number={2},
  pages={124--140},
  year={2009},
  publisher={Elsevier}
}
@article{sun2005levels,
  title={On levels of cognitive modeling},
  author={Sun, Ron and Coward, L Andrew and Zenzen, Michael J},
  journal={Philosophical Psychology},
  volume={18},
  number={5},
  pages={613--637},
  year={2005},
  publisher={Taylor \& Francis}
}

@article{lake2017building,
  title={Building machines that learn and think like people},
  author={Lake, Brenden M and Ullman, Tomer D and Tenenbaum, Joshua B and Gershman, Samuel J},
  journal={Behavioral and brain sciences},
  volume={40},
  pages={e253},
  year={2017},
  publisher={Cambridge University Press}
}

@article{Bramley2018Induction,
  title    = {Learning as Program Induction},
  author   = {Bramley, Niel R and Schulz, Eric and Xu, Fei and Tenenbaum,
              Joshua B},
  journal  = {Proceedings of the Annual Meeting of the Cognitive Science
              Society},
  volume   =  40,
  number   =  0,
  year     =  2018
}

@article{lake2015human,
  title={Human-level concept learning through probabilistic program induction},
  author={Lake, Brenden M and Salakhutdinov, Ruslan and Tenenbaum, Joshua B},
  journal={Science},
  volume={350},
  number={6266},
  pages={1332--1338},
  year={2015},
  publisher={American Association for the Advancement of Science}
}

@article{chater2013programs,
  title={Programs as causal models: Speculations on mental programs and mental representation},
  author={Chater, Nick and Oaksford, Mike},
  journal={Cognitive science},
  volume={37},
  number={6},
  pages={1171--1191},
  year={2013},
  publisher={Wiley Online Library}
}

@phdthesis{dechter2018using,
  title={Using the language of thought},
  author={Dechter, Eyal},
  year={2018},
  school={Massachusetts Institute of Technology}
}

@article{lake2017building,
  title={Building machines that learn and think like people},
  author={Lake, Brenden M and Ullman, Tomer D and Tenenbaum, Joshua B and Gershman, Samuel J},
  journal={Behavioral and brain sciences},
  volume={40},
  pages={e253},
  year={2017},
  publisher={Cambridge University Press}
}
@book{grunwald2007minimum,
  title={The minimum description length principle},
  author={Gr{\"u}nwald, Peter D},
  year={2007},
  publisher={MIT press}
}
@book{jelinek1992basic,
  title={Basic methods of probabilistic context free grammars},
  author={Jelinek, Frederick and Lafferty, John D and Mercer, Robert L},
  year={1992},
  publisher={Springer}
}

@techreport{odonnell2009fragment,
  author= {O'Donnell, Timothy J and Tenenbaum, Joshua B and Goodman, Noah D},
  title={Fragment grammars: Exploring computation and reuse in language},
  institution = {MIT Computer Science and Artificial Intelligence Laboratory Technical Report Series, MIT-CSAIL-TR-2009-013},
  year={2009}
}

@article{shieber1995principles,
  title={Principles and implementation of deductive parsing},
  author={Shieber, Stuart M and Schabes, Yves and Pereira, Fernando CN},
  journal={The Journal of logic programming},
  volume={24},
  number={1-2},
  pages={3--36},
  year={1995},
  publisher={Elsevier}
}
@article{knuth1977generalization,
  title={A generalization of Dijkstra's algorithm},
  author={Knuth, Donald E},
  journal={Information Processing Letters},
  volume={6},
  number={1},
  pages={1--5},
  year={1977},
  publisher={Elsevier}
}
@article{rohrmeier2020syntax,
  title={The syntax of jazz harmony: Diatonic tonality, phrase structure, and form},
  author={Rohrmeier, Martin},
  journal={Music Theory and Analysis (MTA)},
  volume={7},
  number={1},
  pages={1--63},
  year={2020},
  publisher={Leuven University Press}
}
@article{kirby2015compression,
  title={Compression and communication in the cultural evolution of linguistic structure},
  author={Kirby, Simon and Tamariz, Monica and Cornish, Hannah and Smith, Kenny},
  journal={Cognition},
  volume={141},
  pages={87--102},
  year={2015},
  publisher={Elsevier}
}
@article{Jason2023time,
    author = {Eisner, Jason},
    title = {Time-and-Space-Efficient Weighted Deduction},
    journal = {Transactions of the Association for Computational Linguistics},
    volume = {11},
    pages = {960-973},
    year = {2023},
    month = {08},
    abstract = {Many NLP algorithms have been described in terms of deduction systems. Unweighted deduction allows a generic forward-chaining execution strategy. For weighted deduction, however, efficient execution should propagate the weight of each item only after it has converged. This means visiting the items in topologically sorted order (as in dynamic programming). Toposorting is fast on a materialized graph; unfortunately, materializing the graph would take extra space. Is there a generic weighted deduction strategy which, for every acyclic deduction system and every input, uses only a constant factor more time and space than generic unweighted deduction? After reviewing past strategies, we answer this question in the affirmative by combining ideas of Goodman (1999) and Kahn (1962). We also give an extension to cyclic deduction systems, based on Tarjan (1972).},
    issn = {2307-387X},
    doi = {10.1162/tacl_a_00588},
    url = {https://doi.org/10.1162/tacl\_a\_00588},
    eprint = {https://direct.mit.edu/tacl/article-pdf/doi/10.1162/tacl\_a\_00588/2154459/tacl\_a\_00588.pdf},
}



@inproceedings{ren2023music,
  title={Music as Flow: A Formal Representation of Hierarchical Processes in Music.},
  author={Ren, Zeng and Gerstner, Wulfram and Rohrmeier, Martin},
  booktitle={ISMIR},
  pages={627--633},
  year={2023}
}
@inproceedings{ren2024formal,
  title={Formal Modeling of Structural Repetition using Tree Compression.},
  author={Ren, Zeng and Rammos, Yannis and Rohrmeier, Martin},
  booktitle={ISMIR},
  year={2024}
}

@article{earley1970efficient,
  title={An efficient context-free parsing algorithm},
  author={Earley, Jay},
  journal={Communications of the ACM},
  volume={13},
  number={2},
  pages={94--102},
  year={1970},
  publisher={ACM New York, NY, USA}
}
@book{pereira1987prolog,
  title={Prolog and Natural-Language Analysis},
  author={Pereira, F.C.N. and Shieber, S.M.},
  isbn={9780937073186},
  lccn={87017861},
  series={Center for the Study of Language and Information Publication Lecture Notes},
  year={1987},
  publisher={Cambridge University Press}
}
@book{sikkel1997parsing,
  title={Parsing Schemata: A Framework for Specification and Analysis of Parsing Algorithms},
  author={Sikkel, K.},
  isbn={9783540616504},
  lccn={96045082},
  series={EATCS Monographs on Theoretical Computer Science},
  year={1997},
  publisher={Springer Berlin Heidelberg}
}

@article{goodman1999semiring,
  title={Semiring parsing},
  author={Goodman, Joshua},
  journal={Computational Linguistics},
  volume={25},
  number={4},
  pages={573--606},
  year={1999}
}

@article{nederhof2003weighted,
  title={Weighted deductive parsing and Knuth's algorithm},
  author={Nederhof, Mark-Jan},
  journal={Computational Linguistics},
  volume={29},
  number={1},
  pages={135--143},
  year={2003},
  publisher={MIT Press One Rogers Street, Cambridge, MA 02142-1209, USA journals-info~…}
}
@article{gershman2015computational,
  title={Computational rationality: A converging paradigm for intelligence in brains, minds, and machines},
  author={Gershman, Samuel J and Horvitz, Eric J and Tenenbaum, Joshua B},
  journal={Science},
  volume={349},
  number={6245},
  pages={273--278},
  year={2015},
  publisher={American Association for the Advancement of Science}
}